<?xml version="1.0" encoding="UTF-8"?><record xmlns="http://www.loc.gov/MARC21/slim" xmlns:cinclude="http://apache.org/cocoon/include/1.0" xmlns:zs="http://www.loc.gov/zing/srw/">
  <leader>01241cz  a2200265n  4500</leader>
  <controlfield tag="001">n  84023990 </controlfield>
  <controlfield tag="003">DLC</controlfield>
  <controlfield tag="005">20080830075432.0</controlfield>
  <controlfield tag="008">840529n| acannaabn          |b aaa      </controlfield>
  <datafield tag="010" ind1=" " ind2=" ">
    <subfield code="a">n  84023990 </subfield>
    <subfield code="z">n  88241113 </subfield>
    <subfield code="z">n  91029585 </subfield>
  </datafield>
  <datafield tag="035" ind1=" " ind2=" ">
    <subfield code="a">(OCoLC)oca01116436</subfield>
  </datafield>
  <datafield tag="040" ind1=" " ind2=" ">
    <subfield code="a">DLC</subfield>
    <subfield code="b">eng</subfield>
    <subfield code="c">DLC</subfield>
    <subfield code="d">DLC</subfield>
    <subfield code="d">OCoLC</subfield>
  </datafield>
  <datafield tag="100" ind1="1" ind2=" ">
    <subfield code="a">Shapira, Avraham,</subfield>
    <subfield code="d">1935-</subfield>
  </datafield>
  <datafield tag="400" ind1="1" ind2=" ">
    <subfield code="a">Shapiro, Abraham,</subfield>
    <subfield code="d">1935-</subfield>
  </datafield>
  <datafield tag="400" ind1="1" ind2=" ">
    <subfield code="a">Schapira, Abraham,</subfield>
    <subfield code="d">1935-</subfield>
  </datafield>
  <datafield tag="400" ind1="1" ind2=" ">
    <subfield code="a">שפירא, אברהם</subfield>
  </datafield>
  <datafield tag="400" ind1="1" ind2=" ">
    <subfield code="a">שפירא, אברהם אלקנה כהנא</subfield>
  </datafield>
  <datafield tag="400" ind1="1" ind2=" ">
    <subfield code="a">שפירא, אברהם,</subfield>
    <subfield code="d">1935־</subfield>
  </datafield>
  <datafield tag="400" ind1="1" ind2=" ">
    <subfield code="a">שפירא, אברהם,</subfield>
    <subfield code="d">5391־</subfield>
  </datafield>
  <datafield tag="667" ind1=" " ind2=" ">
    <subfield code="a">Machine-derived non-Latin script reference project.</subfield>
  </datafield>
  <datafield tag="667" ind1=" " ind2=" ">
    <subfield code="a">Non-Latin script references not evaluated.</subfield>
  </datafield>
  <datafield tag="670" ind1=" " ind2=" ">
    <subfield code="a">Altmann, A. Panim shel Yahadut, 1983:</subfield>
    <subfield code="b">verso t.p. (Avraham Shapira)</subfield>
  </datafield>
  <datafield tag="670" ind1=" " ind2=" ">
    <subfield code="a">LC data base, 5-22-84</subfield>
    <subfield code="b">(hdg.: Shapira, Avraham, 1935- )</subfield>
  </datafield>
  <datafield tag="670" ind1=" " ind2=" ">
    <subfield code="a">Buber, M. Pfade in Utopia ; Über Gemeinschaft und deren Verwirklichung, 1985:</subfield>
    <subfield code="b">t.p. verso (Abraham Schapira) p. 475, etc. (b. 9/5/1935 in Haifa; educator, writer, and editor; Dr.; [lists author's works])</subfield>
  </datafield>
  <datafield tag="670" ind1=" " ind2=" ">
    <subfield code="a">His Mivnim duʼaliyim be-haguto shel M.M. Buber, 1983?:</subfield>
    <subfield code="b">t.p. (Avraham Shapira) added t.p. (Avraham Shapira [in rom.])</subfield>
  </datafield>
</record>